% This file was created with Bibfilex
@BOOK{Wolff201604,
title={Continuous Delivery: Der pragmatische Einstieg},
author={Eberhard Wolff},
publisher={dpunkt.verlag GmbH},
year={2014},
month={10},
isbn={9783864902086},
timestamp={2016.10.03}
}
@BOOK{Mouat201609,
title={Docker: Software entwickeln und deployen mit Containern},
author={Adrian Mouat},
publisher={dpunkt.verlag GmbH},
year={2016},
month={9},
edition={1},
isbn={9783864903847},
url={http://amazon.de/o/ASIN/386490384X/},
price={EUR 36,90},
totalpages={368},
timestamp={2016.10.03},
}
@BOOK{Nickoloff201603,
title={Docker in Action},
author={Jeff Nickoloff},
publisher={Manning},
year={2016},
month={3},
isbn={9781633430235},
url={http://amazon.de/o/ASIN/1633430235/},
price={EUR 45,96},
totalpages={284},
timestamp={2016.10.03},
}
@misc{1_romin,
url={https://rominirani.com/},
author={Romin Irani},
title={Romin Irani's Blog},
urldate={2016-10-3},
journal={Romin Irani's Blog},
year={2016}
},
@misc{2_go,
url={https://github.com/saturnism/go-ide},
title={Go IDE in a Container},
author={Ray Tsang},
urldate={2016-10-3},
journal={GitHub (saturnism/go-ide)},
year={2016}
},
@misc{3_burcio_scardina_willis_marks_friis_johnston_friis_scardina_2016,
author={Burcio, Jenny and Scardina, Cari and Willis, John and Marks, Mano and Friis, Michael and Johnston, Scott and Friis, Michael and Scardina, Cari},
title={Docker Blog - News and versions will be announced here},
url={https://blog.docker.com/},
urldate={2016-10-3},
journal={Docker Blog},
year={2016}
},
@CONFERENCE {topconf,
author={Samir Talwar, Philipp Krenn, Mark Smalley, Eduard Sizovs, Bernd Greifeneder, Andrey Adamovich},
title={DevOps Linz 2016},
booktitle={DevOps Linz 2016},
year={2016},
month={9},
publisher={Topconf}
}
@ONLINE{Vagrant:online,
author = {Seth Vargo},
title = {Documentation - Vagrant by HashiCorp},
url = {https://www.vagrantup.com/docs/},
urldate = {2016-10-31},
year = {2016},
month = {1}
}
@ONLINE{Chef:online,
author = {{Chef Software, Inc.}},
title = {Chef – Automate Your Infrastructure | Chef},
url = {https://www.chef.io/chef/},
urldate = {2016-11-01},
year = {2016}
}
@misc{Puppet:online,
author = {},
title = {Solutions - Deliver better software faster with Puppet - https://puppet.com/},
howpublished = {\url{https://puppet.com/solutions}},
month = {},
year = {},
note = {(Accessed on 10/31/2016)}
}
@misc{Ansible:online,
author = {},
title = {Ansible Use Cases - https://www.ansible.com/},
howpublished = {\url{https://www.ansible.com/use-cases-overview}},
month = {},
year = {},
note = {(Accessed on 10/31/2016)}
}
@misc{SaltStack:online,
author = {},
title = {SaltStack automation for CloudOps, ITOps \& DevOps at scale - https://saltstack.com/},
howpublished = {\url{https://saltstack.com/}},
month = {},
year = {},
note = {(Accessed on 10/31/2016)}
}
@misc{Packer:online,
author = {},
title = {Introduction - Packer by HashiCorp - https://www.packer.io/},
howpublished = {\url{https://www.packer.io/intro/}},
month = {},
year = {},
note = {(Accessed on 10/31/2016)}
}
@misc{Habitat:online,
author = {},
title = {Habitat - Automation That Travels with the App - https://www.habitat.sh/},
howpublished = {\url{https://www.habitat.sh/}},
month = {},
year = {},
note = {(Accessed on 10/31/2016)}
}
@ONLINE{InfrastructureAsCode:online,
author = {Martin Fowler},
title = {InfrastructureAsCode},
url = {http://martinfowler.com/bliki/InfrastructureAsCode.html},
urldate = {2016-11-01},
year = {2016},
month = {3},
day = {1}
}
@ARTICLE{Baun2009,
author="Baun, Christian
and Kunze, Marcel
and Ludwig, Thomas",
title="Servervirtualisierung",
journal="Informatik-Spektrum",
year="2009",
volume="32",
number="3",
pages="197--205",
abstract="Der Begriff der Virtualisierung bezieht sich in der Informatik auf Konzepte und Technologien, mit denen eine einheitliche, abstrakte Sicht auf eine heterogene physische Ressourcenlandschaft erzeugt wird. Die Virtualisierung erhebt den Anspruch, dass Ressourcen effektiver und flexibler genutzt werden k{\"o}nnen. Bei der Servervirtualisierung werden die Ressourcen eines Rechnersystems auf mehrere Klienten verteilt und k{\"o}nnen von mehreren unabh{\"a}ngigen Betriebssysteminstanzen gleichzeitig genutzt werden. Dabei k{\"o}nnen unterschiedliche Anwendungsklassen auf einer geringeren Anzahl physischer Rechner konsolidiert und damit die verf{\"u}gbaren Ressourcen gleichm{\"a}{\ss}ig ausgelastet werden. ",
issn="1432-122X",
doi="10.1007/s00287-008-0321-6",
url="http://dx.doi.org/10.1007/s00287-008-0321-6"
}
@INCOLLECTION{baun2015virtualisierungstechniken,
title={Virtualisierungstechniken},
author={Baun, Christian and Bengel, G{\"u}nther and Kunze, Marcel and Stucky, Karl-Uwe},
booktitle={Masterkurs Parallele und Verteilte Systeme},
pages={411--427},
year={2015},
publisher={Springer}
}
@ONLINE{vmware-virtualization-history:online,
author = {{VMware Inc.}},
title = {Grundlagen der Virtualisierung},
url = {http://www.vmware.com/de/overview/history.html},
urldate = {2017-01-03},
year = {2011},
month = {4},
day = {2},
note = {abgerufen via \url{https://web.archive.org/web/20110204170905/http://www.vmware.com/de/overview/history.html}}
}
@ONLINE{Gartner-Magic-Quadrant2016:online,
author = {Bittman, Thomas J. and Dawson, Philip, and Warrilow, Michael},
title = {Magic Quadrant for x86 Server Virtualization Infrastructure},
url = {https://www.gartner.com/doc/reprints?ct=160707&id=1-3B9FAM0&st=sb},
urldate = {2017-01-03},
year = {2016},
month = {8},
day = {3}
}
@ONLINE{Gartner-Server-Virtualization:online,
author = {{Gartner Inc.}},
title = {Gartner Says Worldwide Server Virtualization Market Is Reaching Its Peak},
subtile = {Growth Is Being Driven by Maintenance, Rather Than New Licenses},
url = {http://www.gartner.com/newsroom/id/3315817},
urldate = {2017-01-03},
year = {2016},
month = {5},
day = {12}
}
@ARTICLE{Hantelmann2008,
author = {Fred Hantelmann},
title = {Kostenfall},
journal = {iX},
volume = {12},
year = {2008},
pages = {88--91},
}
@ONLINE{EntwicklerDE2015,
author = {Brunk, Jürgen and Albert, Matthias and Magnus, Nils},
title = {Docker: die Linux-Basics unter der Container-Haube},
subtile = {Besuch im Docker-Maschinenraum},
url = {https://entwickler.de/online/besuch-im-docker-maschinenraum-126456.html},
urldate = {2017-01-31},
year = {2015},
month = {3},
day = {20}
}
@ONLINE{Azure-Scaling:online,
author = {De George, Andy and Squillace, Ralph and Nottingham, Cynthia},
title = {How to auto scale a cloud service},
url = {https://docs.microsoft.com/en-us/azure/cloud-services/cloud-services-how-to-scale},
urldate = {2017-01-08},
year = {2017},
month = {1},
day = {4}
}
@INPROCEEDINGS{Hardt2005,
title={Virtualisation for Grid-Computing},
author={Hardt, Marcus},
booktitle={Cracow Grid Workshop},
volume={20},
pages={23},
year={2005}
}
@ARTICLE{IBM1981,
author={R. J. Creasy},
journal={IBM Journal of Research and Development},
title={The Origin of the VM/370 Time-Sharing System},
year={1981},
volume={25},
number={5},
pages={483-490},
doi={10.1147/rd.255.0483},
ISSN={0018-8646},
month={Sep}
}
@ARTICLE{Diedrich2016,
author={Dr. Oliver Diedrich},
journal={c't},
title={Container: Apps für Server},
subtitle={Wie Docker-Container die IT industrialisieren},
year={2016},
number={5},
pages={108-112},
month={Feb}
}
@ONLINE{rkt-comparison:online,
author = {{rkt - CoreOS}},
title = {rkt vs other projects},
url = {https://coreos.com/rkt/docs/latest/rkt-vs-other-projects.html},
urldate = {2017-01-31},
year = {2017}
}
