% This file was created with Bibfilex
@BOOK{Wolff201604,
title={Continuous Delivery: Der pragmatische Einstieg},
author={Eberhard Wolff},
publisher={dpunkt.verlag GmbH},
year={2016},
month={4},
edition={2. akt. u. erw. Auflage},
isbn={9783864903717},
url={http://amazon.de/o/ASIN/3864903718/},
price={EUR 34,90},
totalpages={282},
timestamp={2016.10.03},
}
@BOOK{Mouat201609,
title={Docker: Software entwickeln und deployen mit Containern},
author={Adrian Mouat},
publisher={dpunkt.verlag GmbH},
year={2016},
month={9},
edition={1},
isbn={9783864903847},
url={http://amazon.de/o/ASIN/386490384X/},
price={EUR 36,90},
totalpages={368},
timestamp={2016.10.03},
}
@BOOK{Nickoloff201603,
title={Docker in Action},
author={Jeff Nickoloff},
publisher={Manning},
year={2016},
month={3},
isbn={9781633430235},
url={http://amazon.de/o/ASIN/1633430235/},
price={EUR 45,96},
totalpages={284},
timestamp={2016.10.03},
}
@misc{1_romin,
url={https://rominirani.com/},
author={Romin Irani},
title={Romin Irani's Blog},
urldate={2016-10-3},
journal={Romin Irani's Blog},
year={2016}
},
@misc{2_go,
url={https://github.com/saturnism/go-ide},
title={Go IDE in a Container},
author={Ray Tsang},
urldate={2016-10-3},
journal={GitHub (saturnism/go-ide)},
year={2016}
},
@misc{3_burcio_scardina_willis_marks_friis_johnston_friis_scardina_2016,
author={Burcio, Jenny and Scardina, Cari and Willis, John and Marks, Mano and Friis, Michael and Johnston, Scott and Friis, Michael and Scardina, Cari},
title={Docker Blog - News and versions will be announced here},
url={https://blog.docker.com/},
urldate={2016-10-3},
journal={Docker Blog},
year={2016}
},
@CONFERENCE {topconf,
author={Samir Talwar, Philipp Krenn, Mark Smalley, Eduard Sizovs, Bernd Greifeneder, Andrey Adamovich},
title={DevOps Linz 2016},
booktitle={DevOps Linz 2016},
year={2016},
month={9},
publisher={Topconf}
}
