% This file was created with Bibfilex
@BOOK{Wolff201604,
title={Continuous Delivery: Der pragmatische Einstieg},
author={Eberhard Wolff},
publisher={dpunkt.verlag},
year={2014},
month={10},
isbn={9783864902086},
timestamp={2016.10.03}
}
@BOOK{Mouat201609,
title={Docker: Software entwickeln und deployen mit Containern},
author={Adrian Mouat},
publisher={dpunkt.verlag},
year={2016},
month={9},
edition={1},
isbn={9783864903847},
url={http://amazon.de/o/ASIN/386490384X/},
price={EUR 36,90},
totalpages={368},
timestamp={2016.10.03},
}
@BOOK{Nickoloff201603,
title={Docker in Action},
author={Jeff Nickoloff},
publisher={Manning},
year={2016},
month={3},
isbn={9781633430235},
url={http://amazon.de/o/ASIN/1633430235/},
price={EUR 45,96},
totalpages={284},
timestamp={2016.10.03},
}
@misc{1_romin,
url={https://rominirani.com/},
author={Romin Irani},
title={Romin Irani's Blog},
urldate={2016-10-3},
journal={Romin Irani's Blog},
year={2016}
},
@misc{2_go,
url={https://github.com/saturnism/go-ide},
title={Go IDE in a Container},
author={Ray Tsang},
urldate={2016-10-3},
journal={GitHub (saturnism/go-ide)},
year={2016}
},
@misc{3_burcio_scardina_willis_marks_friis_johnston_friis_scardina_2016,
author={Burcio, Jenny and Scardina, Cari and Willis, John and Marks, Mano and Friis, Michael and Johnston, Scott and Friis, Michael and Scardina, Cari},
title={Docker Blog - News and versions will be announced here},
url={https://blog.docker.com/},
urldate={2016-10-3},
journal={Docker Blog},
year={2016}
},
@CONFERENCE {topconf,
author={Samir Talwar, Philipp Krenn, Mark Smalley, Eduard Sizovs, Bernd Greifeneder, Andrey Adamovich},
title={DevOps Linz 2016},
booktitle={DevOps Linz 2016},
year={2016},
month={9},
publisher={Topconf}
}
@ONLINE{Vagrant:online,
author = {Seth Vargo},
title = {Documentation - Vagrant by HashiCorp},
url = {https://www.vagrantup.com/docs/},
urldate = {2016-10-31},
year = {2016},
month = {1}
}
@ONLINE{Chef:online,
author = {{Chef Software, Inc.}},
title = {Chef – Automate Your Infrastructure | Chef},
url = {https://www.chef.io/chef/},
urldate = {2016-11-01},
year = {2016}
}
@ONLINE{Puppet:online,
author = {Puppet},
title = {Puppet Documentation},
url = {https://docs.puppet.com/},
urldate = {2017-02-20},
year = {2016}
}
@misc{Ansible:online,
author = {Ansible},
title = {Ansible Getting Started},
url = {https://www.ansible.com/quick-start-video},
year = {2016},
urldate = {2017-02-20}
}
@misc{SaltStack:online,
author = {SaltStack},
title = {SaltStack Get Started},
url = {https://docs.saltstack.com/en/getstarted/},
year = {2016},
urldate = {2017-02-20}
}
@misc{SaltStack-Event:online,
author = {SaltStack},
title = {Event-Driven Infrastructure},
url = {https://docs.saltstack.com/en/getstarted/event/},
year = {2016},
urldate = {2017-02-20}
}
@ONLINE{Packer:online,
author = {HashiCorp},
title = {Introduction - Packer by HashiCorp},
url = {https://www.packer.io/intro/},
year = {2016},
month = {3},
day = {12},
urldate = {2016-31-10}
}
@ONLINE{InfrastructureAsCode:online,
author = {Martin Fowler},
title = {InfrastructureAsCode},
url = {http://martinfowler.com/bliki/InfrastructureAsCode.html},
urldate = {2016-11-01},
year = {2016},
month = {3},
day = {1}
}
@ARTICLE{Baun2009,
author="Baun, Christian
and Kunze, Marcel
and Ludwig, Thomas",
title={Servervirtualisierung},
journal="Informatik-Spektrum",
year="2009",
volume="32",
number="3",
pages="197--205",
abstract="Der Begriff der Virtualisierung bezieht sich in der Informatik auf Konzepte und Technologien, mit denen eine einheitliche, abstrakte Sicht auf eine heterogene physische Ressourcenlandschaft erzeugt wird. Die Virtualisierung erhebt den Anspruch, dass Ressourcen effektiver und flexibler genutzt werden k{\"o}nnen. Bei der Servervirtualisierung werden die Ressourcen eines Rechnersystems auf mehrere Klienten verteilt und k{\"o}nnen von mehreren unabh{\"a}ngigen Betriebssysteminstanzen gleichzeitig genutzt werden. Dabei k{\"o}nnen unterschiedliche Anwendungsklassen auf einer geringeren Anzahl physischer Rechner konsolidiert und damit die verf{\"u}gbaren Ressourcen gleichm{\"a}{\ss}ig ausgelastet werden. ",
issn="1432-122X",
doi="10.1007/s00287-008-0321-6",
url="http://dx.doi.org/10.1007/s00287-008-0321-6"
}
@INCOLLECTION{baun2015virtualisierungstechniken,
title={Virtualisierungstechniken},
author={Baun, Christian and Bengel, G{\"u}nther and Kunze, Marcel and Stucky, Karl-Uwe},
booktitle={Masterkurs Parallele und Verteilte Systeme},
pages={411--427},
year={2015},
publisher={Springer}
}
@ONLINE{vmware-virtualization-history:online,
author = {{VMware Inc.}},
title = {Grundlagen der Virtualisierung},
url = {http://www.vmware.com/de/overview/history.html},
urldate = {2017-01-03},
year = {2011},
month = {4},
day = {2},
note = {abgerufen via \url{https://web.archive.org/web/20110204170905/http://www.vmware.com/de/overview/history.html}}
}
@ONLINE{Gartner-Magic-Quadrant2016:online,
author = {Bittman, Thomas J. and Dawson, Philip, and Warrilow, Michael},
title = {Magic Quadrant for x86 Server Virtualization Infrastructure},
url = {https://www.gartner.com/doc/reprints?ct=160707&id=1-3B9FAM0&st=sb},
urldate = {2017-01-03},
year = {2016},
month = {8},
day = {3}
}
@ONLINE{Gartner-Server-Virtualization:online,
author = {{Gartner Inc.}},
title = {Gartner Says Worldwide Server Virtualization Market Is Reaching Its Peak},
subtile = {Growth Is Being Driven by Maintenance, Rather Than New Licenses},
url = {http://www.gartner.com/newsroom/id/3315817},
urldate = {2017-01-03},
year = {2016},
month = {5},
day = {12}
}
@ARTICLE{Hantelmann2008,
title={Mit Virtualisierung RZ-Kosten halbieren},
author={Hantelmann, Fred},
journal={iX},
volume={12},
pages={88--91},
year={2008}
}
@ONLINE{EntwicklerDE2015,
author = {Brunk, Jürgen and Albert, Matthias and Magnus, Nils},
title = {Docker: die Linux-Basics unter der Container-Haube},
subtile = {Besuch im Docker-Maschinenraum},
url = {https://entwickler.de/online/besuch-im-docker-maschinenraum-126456.html},
urldate = {2017-01-31},
year = {2015},
month = {3},
day = {20}
}
@ONLINE{Azure-Scaling:online,
author = {De George, Andy and Squillace, Ralph and Nottingham, Cynthia},
title = {How to Auto Scale a Cloud Service},
url = {https://docs.microsoft.com/en-us/azure/cloud-services/cloud-services-how-to-scale},
urldate = {2017-01-08},
year = {2017},
month = {1},
day = {4}
}
@ARTICLE{Hardt2005,
title={Virtualisation for Grid-Computing},
author={Hardt, Marcus},
journal={Cracow Grid Workshop},
volume={20},
pages={23},
year={2005}
}
@ARTICLE{IBM1981,
author={R. J. Creasy},
journal={IBM Journal of Research and Development},
title={The Origin of the VM/370 Time-Sharing System},
year={1981},
volume={25},
number={5},
pages={483-490},
doi={10.1147/rd.255.0483},
ISSN={0018-8646},
month={Sep}
}
@ARTICLE{Diedrich2016,
author={Oliver Diedrich},
journal={c't},
title={Container: Apps für Server},
subtitle={Wie Docker-Container die IT industrialisieren},
year={2016},
number={5},
pages={108-112},
month={Feb}
}
@ONLINE{rkt-comparison:online,
author = {{rkt - CoreOS}},
title = {rkt vs Other Projects},
url = {https://coreos.com/rkt/docs/latest/rkt-vs-other-projects.html},
urldate = {2017-01-31},
year = {2017}
}
@ONLINE{docker-ocp:online,
author = {Golub, Ben},
title = {Docker and Broad Industry Coalition Unite to Create Open Container Project},
url = {https://blog.docker.com/2015/06/open-container-project-foundation/},
urldate = {2017-01-31},
year = {2015},
month = {6},
day = {22}
}
@ONLINE{oci-about:online,
shorthand={Lin16},
author = {{The Linux Foundation}},
title = {Open Container Initiative | About},
url = {https://www.opencontainers.org/about},
urldate = {2017-01-31},
year = {2016},
}
@ONLINE{pets-vs-cattle:online,
author = {Bias, Randy},
title = {The History of Pets vs Cattle and How to Use the Analogy Properly},
url = {http://cloudscaling.com/blog/cloud-computing/the-history-of-pets-vs-cattle/},
urldate = {2017-01-31},
year = {2016},
month = {9},
day = {29}
}
@ARTICLE{ix-orchestrierung-2017,
author={Oliver Diedrich},
journal={iX},
title={Containerverwaltung},
subtitle={Rancher, DC/OS und Kubernetes},
year={2017},
number={2},
pages={32-37},
month={Feb}
}
@ONLINE{chef-vs-puppet:online,
author = {{UpGuard Inc.}},
title = {Puppet vs Chef - The Battle Wages On},
url = {https://www.upguard.com/blog/puppet-vs-chef-battle-wages},
urldate = {2017-02-20},
year = {2014},
month = {1},
}
@ONLINE{chef-vs-puppet-revisited:online,
author = {{UpGuard Inc.}},
title = {Puppet vs Chef Revisited},
url = {https://www.upguard.com/blog/puppet-vs-chef-battle-wages},
urldate = {2017-02-20},
year = {2016},
month = {11},
}
@ONLINE{npm-deployment:online,
author = {{npm Inc.}},
title = {How we deploy at npm},
url = {http://blog.npmjs.org/post/152035356435/how-we-deploy-at-npm},
urldate = {2017-02-21},
year = {2016},
month = {10},
day = {19}
}
@MISC{ContainerAdoption,
title={Container Market Adoption - Survey},
author={DevOps.com and ClusterHQ},
year={2016},
month={6}
}
@ONLINE{redhat-container-history:online,
author = {{Red Hat Inc.}},
title = {The History of Containers},
url = {http://rhelblog.redhat.com/2015/08/28/the-history-of-containers/},
urldate = {2017-02-22},
year = {2015},
month = {8},
day = {28}
}
@ONLINE{docker-overview:online,
author = {{Docker Inc.}},
title = {Docker Overview},
url = {https://docs.docker.com/engine/understanding-docker/},
urldate = {2017-02-22},
year = {2017},
month = {1},
day = {20}
}
@ONLINE{hanselman-vms:online,
author = {Hanselman, Scott},
title = {Switch easily between VirtualBox and Hyper-V with a BCDEdit boot Entry in Windows 8.1},
url = {http://www.hanselman.com/blog/SwitchEasilyBetweenVirtualBoxAndHyperVWithABCDEditBoot-EntryInWindows81.aspx},
urldate = {2017-02-22},
year = {2014},
month = {1},
day = {8}
}
@ONLINE{docker-toolbox:online,
author = {{Docker Inc.}},
title = {Install Docker Toolbox on Windows},
url = {https://docs.docker.com/toolbox/toolbox_install_windows/},
urldate = {2017-02-22},
year = {2017},
month = {1},
day = {13}
}
@ONLINE{docker-for-mac:online,
author = {{Docker Inc.}},
title = {Install Docker for Mac},
url = {https://docs.docker.com/docker-for-mac/},
urldate = {2017-02-23},
year = {2017},
month = {2},
day = {23}
}
@ONLINE{docker-for-windows:online,
author = {{Docker Inc.}},
title = {Get started with Docker for Windows},
url = {https://docs.docker.com/docker-for-windows/},
urldate = {2017-02-23},
year = {2017},
month = {2},
day = {23}
}
@ONLINE{docker-engine:online,
author = {{Docker Inc.}},
title = {Engine User Guide},
url = {https://docs.docker.com/engine/userguide/intro/},
urldate = {2017-02-23},
year = {2017},
month = {1},
day = {25}
}
@ONLINE{docker-filesystem:online,
author = {{Docker Inc.}},
title = {Understand images, containers, and storage drivers},
url = {https://docs.docker.com/engine/userguide/storagedriver/imagesandcontainers/},
urldate = {2017-02-22},
year = {2017},
month = {1},
day = {24}
}
@ONLINE{docker-dockerfile:online,
author = {{Docker Inc.}},
title = {Dockerfile reference},
url = {https://docs.docker.com/engine/reference/builder/},
urldate = {2017-02-22},
year = {2017},
month = {1},
day = {26}
}
@ONLINE{docker-dockerfile-best-practices:online,
author = {{Docker Inc.}},
title = {Best practices for writing Dockerfiles},
url = {https://docs.docker.com/engine/userguide/eng-image/dockerfile_best-practices/},
urldate = {2017-02-22},
year = {2017},
month = {2},
day = {22}
}
@ONLINE{smallest-docker-container:online,
author = {Adriaan de Jonge},
title = {Create the smallest possible Docker container},
url = {http://blog.xebia.com/create-the-smallest-possible-docker-container/},
urldate = {2017-02-23},
year = {2014},
month = {7},
day = {4}
}
@ONLINE{alpine-real-world:online,
author = {Janetakis, Nick},
title = {Alpine Based Docker Images Make a Difference in Real World Apps},
url = {https://nickjanetakis.com/blog/alpine-based-docker-images-make-a-difference-in-real-world-apps},
urldate = {2017-02-23},
year = {2016},
month = {4},
day = {15}
}
@ONLINE{docker-imagesize-refactoring:online,
author = {Campbell, Marc},
title = {Refactoring a Dockerfile for Image Size},
url = {https://blog.replicated.com/engineering/refactoring-a-dockerfile-for-image-size/},
urldate = {2017-02-23},
year = {2016},
month = {2},
day = {5}
}
@ONLINE{dockerfile-cmd-vs-entrypoint:online,
author = {DeHamer, Brian},
title = {Dockerfile: ENTRYPOINT vs CMD},
url = {https://www.ctl.io/developers/blog/post/dockerfile-entrypoint-vs-cmd/},
urldate = {2017-02-23},
year = {2015},
month = {7},
day = {16}
}
@ONLINE{docker-1.13:online,
author = {{Docker Core Engineering}},
title = {Introducing Docker 1.13},
url = {https://blog.docker.com/2017/01/whats-new-in-docker-1-13/},
urldate = {2017-02-23},
year = {2017},
month = {1},
day = {19}
}
@ONLINE{smashing-local-devenv-docker:online,
author = {Demmel, Daniel},
title = {Why You Should Stop Installing Your WebDev Environment Locally},
url = {https://www.smashingmagazine.com/2016/04/stop-installing-your-webdev-environment-locally-with-docker},
urldate = {2017-02-23},
year = {2016},
month = {4},
day = {20}
}
@ONLINE{laradock-docs:online,
author = {{Laradock}},
title = {Laradock Docs},
url = {http://laradock.io/},
urldate = {2017-02-23},
year = {2016}
}
@ONLINE{why-docker-for-development:online,
author = {Reeder, Travis},
title = {Why and How to Use Docker for Development},
url = {https://medium.com/iron-io-blog/why-and-how-to-use-docker-for-development-a156c1de3b24},
urldate = {2017-02-23},
year = {2015},
month = {4},
day = {28}
}
@ONLINE{jekyll-windows:online,
author = {Jekyll},
title = {Jekyll on Windows},
url = {https://jekyllrb.com/docs/windows/},
urldate = {2017-02-24},
year = {2017},
month = {1},
day = {19}
}
@ONLINE{docker-cli-tools:online,
author = {English, Mike},
title = {Distributing Command Line Tools with Docker},
url = {https://spin.atomicobject.com/2015/11/30/command-line-tools-docker/},
urldate = {2017-02-24},
year = {2015},
month = {11},
day = {30}
}
@ONLINE{go-ide-in-a-container:online,
author = {Tsang, Ray},
title = {My Go IDE in a Container},
url = {https://medium.com/google-cloud/my-ide-in-a-container-49d4f177de},
urldate = {2017-02-24},
year = {2015},
month = {11},
day = {3}
}
@ONLINE{eclipse-che-technology:online,
author = {{Eclipse Foundation}},
title = {Eclipse Che - Technology},
url = {https://www.eclipse.org/che/technology/},
urldate = {2017-02-24},
year = {2017}
}
@ONLINE{docker-integration-testing:online,
author = {Harnisch, Harrison},
title = {Integration Testing With Docker Compose},
url = {https://hharnisc.github.io/2016/06/19/integration-testing-with-docker-compose.html},
urldate = {2017-02-25},
year = {2016},
month = {6},
day = {19}
}
