@ONLINE{Fowler.Microservices:online,
author = {Martin Fowler},
title = {Microservices},
url = {https://www.martinfowler.com/articles/microservices.html},
urldate = {2017-06-20},
year = {2014},
month = {3},
day = {25}
}
@ONLINE{Kirejczyk.HDD:online,
author = {Marek Kirejczyk},
title = {Hype Driven Development},
url = {https://blog.daftcode.pl/hype-driven-development-3469fc2e9b22},
urldate = {2017-06-21},
year = {2016},
month = {11},
day = {23}
}
@ONLINE{Node.io-node-merge:online,
author = {{Linux Foundation}},
title = {Node.js Foundation Combines Node.js and io.js Into Single Codebase in New Release},
url = {https://nodejs.org/en/blog/announcements/foundation-v4-announce/},
urldate = {2017-06-21},
year = {2015},
month = {09},
day = {14}
}
@ONLINE{Papa.n:online,
author = {John Papa},
title = {Multiple Versions of Node with n},
url = {https://johnpapa.net/multiple-versions-of-node-with-n/},
urldate = {2017-06-22},
year = {2016},
month = {05},
day = {21}
}
